<?xml version="1.0" encoding="UTF-8"?>
<!DOCTYPE html PUBLIC "-//W3C//DTD XHTML 1.0 Transitional//EN"
    "http://www.w3.org/TR/xhtml1/DTD/xhtml1-transitional.dtd">
<html xmlns="http://www.w3.org/1999/xhtml" xml:lang="en" lang="en">
 <head>
  <title>
</title>
<meta http-equiv="Content-Type" content="text/html;charset=utf-8" />
  <meta name='ocr-system' content='tesseract 3.04.00' />
  <meta name='ocr-capabilities' content='ocr_page ocr_carea ocr_par ocr_line ocrx_word'/>
</head>
<body>
  <div class='ocr_page' id='page_1' title='image "bibliothecaaugu03veitgoog_0081.png"; bbox 0 0 2482 4184; ppageno 0'>
   <div class='ocr_carea' id='block_1_1' title="bbox 92 121 1192 483">
    <p class='ocr_par' dir='ltr' id='par_1_1' title="bbox 92 121 1192 483">
     <span class='ocr_line' id='line_1_1' title="bbox 163 121 937 229; baseline -0.009 -10"><span class='ocrx_word' id='word_1_1' title='bbox 163 133 217 229; x_wconf 71' lang='lat' dir='ltr'>dd</span> <span class='ocrx_word' id='word_1_2' title='bbox 397 197 400 205; x_wconf 86' lang='lat'><em>.</em></span> <span class='ocrx_word' id='word_1_3' title='bbox 426 121 676 216; x_wconf 77' lang='lat' dir='ltr'>raraoronrn</span> <span class='ocrx_word' id='word_1_4' title='bbox 696 143 937 214; x_wconf 67' lang='lat' dir='ltr'>auensrnnr‘</span> 
     </span>
     <span class='ocr_line' id='line_1_2' title="bbox 92 264 1192 481; baseline -0.01 -92"><span class='ocrx_word' id='word_1_5' title='bbox 92 280 94 286; x_wconf 13' lang='lat' dir='ltr'><em>s</em></span> <span class='ocrx_word' id='word_1_6' title='bbox 164 300 353 408; x_wconf 77' lang='lat' dir='ltr'>Eheflunds</span> <span class='ocrx_word' id='word_1_7' title='bbox 368 301 541 407; x_wconf 73' lang='lat' dir='ltr'>Arrzney.</span> <span class='ocrx_word' id='word_1_8' title='bbox 571 305 693 394; x_wconf 74' lang='lat' dir='ltr'>Haud⁴</span> <span class='ocrx_word' id='word_1_9' title='bbox 707 305 815 382; x_wconf 87' lang='lat' dir='ltr'>dubio</span> <span class='ocrx_word' id='word_1_10' title='bbox 837 305 941 381; x_wconf 85' lang='lat' dir='ltr'>locus</span> <span class='ocrx_word' id='word_1_11' title='bbox 965 299 1038 388; x_wconf 84' lang='lat' dir='ltr'>est.</span> <span class='ocrx_word' id='word_1_12' title='bbox 1056 264 1132 481; x_wconf 50' lang='lat' dir='ltr'>p</span> <span class='ocrx_word' id='word_1_13' title='bbox 1169 315 1192 393; x_wconf 60' lang='grc' dir='ltr'>ὅ</span> 
     </span>
     <span class='ocr_line' id='line_1_3' title="bbox 1100 430 1190 483; baseline 0 -1"><span class='ocrx_word' id='word_1_14' title='bbox 1100 430 1190 483; x_wconf 70' lang='lat' dir='ltr'>rac-¹!</span> 
     </span>
    </p>
   </div>
   <div class='ocr_carea' id='block_1_2' title="bbox 118 400 1209 1310">
    <p class='ocr_par' dir='ltr' id='par_1_2' title="bbox 118 400 1054 605">
     <span class='ocr_line' id='line_1_4' title="bbox 165 400 1054 504; baseline -0.002 -22"><span class='ocrx_word' id='word_1_15' title='bbox 165 406 320 504; x_wconf 80' lang='lat' dir='ltr'>repetito</span> <span class='ocrx_word' id='word_1_16' title='bbox 338 403 570 483; x_wconf 73' lang='lat' dir='ltr'>castilionem</span> <span class='ocrx_word' id='word_1_17' title='bbox 582 408 710 483; x_wconf 89' lang='lat' dir='ltr'>harum</span> <span class='ocrx_word' id='word_1_18' title='bbox 724 411 833 504; x_wconf 81' lang='lat' dir='ltr'>typd,</span> <span class='ocrx_word' id='word_1_19' title='bbox 856 400 1054 481; x_wconf 75' lang='lat' dir='ltr'>undetiam</span> 
     </span>
     <span class='ocr_line' id='line_1_5' title="bbox 118 502 982 605; baseline -0.002 -23"><span class='ocrx_word' id='word_1_20' title='bbox 118 506 122 527; x_wconf 74' lang='lat'><em>³</em></span> <span class='ocrx_word' id='word_1_21' title='bbox 163 502 258 582; x_wconf 77' lang='lat' dir='ltr'>torris</span> <span class='ocrx_word' id='word_1_22' title='bbox 280 503 363 582; x_wconf 75' lang='lat' dir='ltr'>disti</span> <span class='ocrx_word' id='word_1_23' title='bbox 388 507 505 583; x_wconf 89' lang='lat' dir='ltr'>editio·</span> <span class='ocrx_word' id='word_1_24' title='bbox 525 507 660 605; x_wconf 86' lang='lat' dir='ltr'>pluries</span> <span class='ocrx_word' id='word_1_25' title='bbox 685 507 838 605; x_wconf 89' lang='lat' dir='ltr'>repetita</span> <span class='ocrx_word' id='word_1_26' title='bbox 863 506 982 581; x_wconf 89' lang='lat' dir='ltr'>suerit.</span> 
     </span>
    </p>

    <p class='ocr_par' dir='ltr' id='par_1_3' title="bbox 143 598 1209 1310">
     <span class='ocr_line' id='line_1_6' title="bbox 259 598 1186 710; baseline -0.008 -29"><span class='ocrx_word' id='word_1_27' title='bbox 259 598 445 684; x_wconf 80' lang='lat' dir='ltr'>Caeterum</span> <span class='ocrx_word' id='word_1_28' title='bbox 464 609 486 682; x_wconf 73' lang='lat' dir='ltr'>d</span> <span class='ocrx_word' id='word_1_29' title='bbox 505 607 629 709; x_wconf 84' lang='lat' dir='ltr'>Nostro</span> <span class='ocrx_word' id='word_1_30' title='bbox 641 665 643 669; x_wconf 84' lang='lat'>.</span> <span class='ocrx_word' id='word_1_31' title='bbox 656 607 768 683; x_wconf 84' lang='lat' dir='ltr'>alium</span> <span class='ocrx_word' id='word_1_32' title='bbox 791 602 970 710; x_wconf 63' lang='lat' dir='ltr'>Judaeum</span> <span class='ocrx_word' id='word_1_33' title='bbox 981 618 1186 685; x_wconf 69' lang='lat' dir='ltr'>J&#39;rtrrzrtmr·¹</span> 
     </span>
     <span class='ocr_line' id='line_1_7' title="bbox 165 698 1183 807; baseline 0.007 -28"><span class='ocrx_word' id='word_1_34' title='bbox 165 722 309 781; x_wconf 72' lang='lat' dir='ltr'>annum</span> <span class='ocrx_word' id='word_1_35' title='bbox 342 707 527 784; x_wconf 87' lang='lat' dir='ltr'>Medicum</span> <span class='ocrx_word' id='word_1_36' title='bbox 555 707 807 803; x_wconf 82' lang='lat' dir='ltr'>Augustanum</span> <span class='ocrx_word' id='word_1_37' title='bbox 837 702 972 803; x_wconf 87' lang='lat' dir='ltr'>(cuius</span> <span class='ocrx_word' id='word_1_38' title='bbox 994 698 1074 807; x_wconf 61' lang='grc' dir='ltr'>3ο»,</span> <span class='ocrx_word' id='word_1_39' title='bbox 1092 698 1183 785; x_wconf 83' lang='lat' dir='ltr'>Sto·</span> 
     </span>
     <span class='ocr_line' id='line_1_8' title="bbox 162 799 1182 904; baseline -0.006 -25"><span class='ocrx_word' id='word_1_40' title='bbox 162 802 243 879; x_wconf 81' lang='lat' dir='ltr'>estur</span> <span class='ocrx_word' id='word_1_41' title='bbox 258 805 423 882; x_wconf 87' lang='lat' dir='ltr'>Medicus</span> <span class='ocrx_word' id='word_1_42' title='bbox 445 806 624 884; x_wconf 83' lang='lat' dir='ltr'>Ulmensrs</span> <span class='ocrx_word' id='word_1_43' title='bbox 648 807 818 904; x_wconf 90' lang='lat' dir='ltr'>antiquus</span> <span class='ocrx_word' id='word_1_44' title='bbox 832 803 1030 889; x_wconf 76' lang='lat' dir='ltr'><strong>meminit,</strong></span> <span class='ocrx_word' id='word_1_45' title='bbox 1056 799 1182 877; x_wconf 86' lang='lat' dir='ltr'>varia·</span> 
     </span>
     <span class='ocr_line' id='line_1_9' title="bbox 161 903 1209 999; baseline -0.003 -19"><span class='ocrx_word' id='word_1_46' title='bbox 161 927 235 999; x_wconf 90' lang='lat' dir='ltr'>que</span> <span class='ocrx_word' id='word_1_47' title='bbox 256 907 523 982; x_wconf 87' lang='lat' dir='ltr'>medicamenta</span> <span class='ocrx_word' id='word_1_48' title='bbox 552 909 597 981; x_wconf 91' lang='lat' dir='ltr'>ab</span> <span class='ocrx_word' id='word_1_49' title='bbox 622 931 668 982; x_wconf 93' lang='lat' dir='ltr'>eo</span> <span class='ocrx_word' id='word_1_50' title='bbox 689 905 809 982; x_wconf 87' lang='lat' dir='ltr'>secum</span> <span class='ocrx_word' id='word_1_51' title='bbox 840 903 1107 980; x_wconf 85' lang='lat' dir='ltr'>communicata</span> <span class='ocrx_word' id='word_1_52' title='bbox 1137 903 1183 977; x_wconf 89' lang='lat' dir='ltr'>in</span> <span class='ocrx_word' id='word_1_53' title='bbox 1203 942 1209 947; x_wconf 93' lang='lat'>-</span> 
     </span>
     <span class='ocr_line' id='line_1_10' title="bbox 159 1000 1181 1101; baseline 0.001 -17"><span class='ocrx_word' id='word_1_54' title='bbox 159 1003 325 1084; x_wconf 77' lang='lat' dir='ltr'>Proliicis</span> <span class='ocrx_word' id='word_1_55' title='bbox 344 1004 496 1084; x_wconf 69' lang='lat' dir='ltr'>MSStis.</span> <span class='ocrx_word' id='word_1_56' title='bbox 524 1007 697 1096; x_wconf 83' lang='lat' dir='ltr'>exhibet)</span> <span class='ocrx_word' id='word_1_57' title='bbox 723 1003 1013 1101; x_wconf 88' lang='lat' dir='ltr'>distinguendum</span> <span class='ocrx_word' id='word_1_58' title='bbox 1035 1000 1181 1087; x_wconf 79' lang='lat' dir='ltr'>videri.</span> 
     </span>
     <span class='ocr_line' id='line_1_11' title="bbox 159 1102 1179 1204; baseline 0 -25"><span class='ocrx_word' id='word_1_59' title='bbox 159 1117 288 1180; x_wconf 89' lang='lat' dir='ltr'>monet</span> <span class='ocrx_word' id='word_1_60' title='bbox 313 1105 336 1182; x_wconf 88' lang='lat' dir='ltr'>l.</span> <span class='ocrx_word' id='word_1_61' title='bbox 355 1131 385 1182; x_wconf 81' lang='lat' dir='ltr'>c.</span> <span class='ocrx_word' id='word_1_62' title='bbox 401 1129 675 1198; x_wconf 72' lang='lat' dir='ltr'>numanatis,</span> <span class='ocrx_word' id='word_1_63' title='bbox 699 1105 825 1183; x_wconf 75' lang='lat' dir='ltr'>doetus</span> <span class='ocrx_word' id='word_1_64' title='bbox 840 1107 880 1183; x_wconf 94' lang='lat' dir='ltr'>id</span> <span class='ocrx_word' id='word_1_65' title='bbox 895 1103 1010 1204; x_wconf 86' lang='lat' dir='ltr'>ipsum</span> <span class='ocrx_word' id='word_1_66' title='bbox 1027 1102 1179 1202; x_wconf 69' lang='lat' dir='ltr'>d‘priue</span> 
     </span>
     <span class='ocr_line' id='line_1_12' title="bbox 143 1201 1121 1310; baseline 0.004 -34"><span class='ocrx_word' id='word_1_67' title='bbox 143 1203 306 1280; x_wconf 63' lang='lat' dir='ltr'>,laudato</span> <span class='ocrx_word' id='word_1_68' title='bbox 327 1201 399 1310; x_wconf 63' lang='lat'>30.</span> <span class='ocrx_word' id='word_1_69' title='bbox 423 1206 564 1294; x_wconf 68' lang='lat' dir='ltr'>Dierrr,</span> <span class='ocrx_word' id='word_1_70' title='bbox 579 1229 802 1293; x_wconf 75' lang='lat' dir='ltr'>ruoeorno,</span> <span class='ocrx_word' id='word_1_71' title='bbox 1053 1211 1057 1217; x_wconf 83' lang='lat'>&#39;</span> <span class='ocrx_word' id='word_1_72' title='bbox 1118 1204 1121 1209; x_wconf 79' lang='grc'>’</span> 
     </span>
    </p>
   </div>
   <div class='ocr_carea' id='block_1_3' title="bbox 156 1396 1198 1608">
    <p class='ocr_par' dir='ltr' id='par_1_4' title="bbox 156 1396 1198 1608">
     <span class='ocr_line' id='line_1_13' title="bbox 263 1396 1179 1509; baseline -0.005 -27"><span class='ocrx_word' id='word_1_73' title='bbox 263 1405 487 1485; x_wconf 82' lang='lat' dir='ltr'><strong>OCCONES</strong></span> <span class='ocrx_word' id='word_1_74' title='bbox 515 1396 701 1508; x_wconf 76' lang='lat' dir='ltr'>(Adolphi</span> <span class='ocrx_word' id='word_1_75' title='bbox 713 1407 733 1509; x_wconf 95' lang='lat'>)</span> <span class='ocrx_word' id='word_1_76' title='bbox 759 1405 804 1482; x_wconf 92' lang='lat' dir='ltr'>de</span> <span class='ocrx_word' id='word_1_77' title='bbox 826 1403 956 1506; x_wconf 90' lang='lat' dir='ltr'>quibus</span> <span class='ocrx_word' id='word_1_78' title='bbox 971 1410 1179 1498; x_wconf 76' lang='lat' dir='ltr'><strong>antequam</strong></span> 
     </span>
     <span class='ocr_line' id='line_1_14' title="bbox 156 1501 1198 1608; baseline -0.009 -26"><span class='ocrx_word' id='word_1_79' title='bbox 156 1503 310 1582; x_wconf 81' lang='lat' dir='ltr'>trattare</span> <span class='ocrx_word' id='word_1_80' title='bbox 345 1510 557 1605; x_wconf 88' lang='lat' dir='ltr'>aggrediar,</span> <span class='ocrx_word' id='word_1_81' title='bbox 594 1510 705 1608; x_wconf 88' lang='lat' dir='ltr'>probe</span> <span class='ocrx_word' id='word_1_82' title='bbox 745 1507 834 1583; x_wconf 89' lang='lat' dir='ltr'>mihi</span> <span class='ocrx_word' id='word_1_83' title='bbox 866 1501 1071 1584; x_wconf 87' lang='lat' dir='ltr'>monendus</span> <span class='ocrx_word' id='word_1_84' title='bbox 1103 1523 1198 1607; x_wconf 65' lang='lat' dir='ltr'>es,</span> 
     </span>
    </p>
   </div>
   <div class='ocr_carea' id='block_1_4' title="bbox 41 1599 1177 1686">
    <p class='ocr_par' dir='ltr' id='par_1_5' title="bbox 41 1599 1177 1686">
     <span class='ocr_line' id='line_1_15' title="bbox 41 1599 1177 1686; baseline -0.005 -6"><span class='ocrx_word' id='word_1_85' title='bbox 41 1666 49 1680; x_wconf 88' lang='lat'><strong>.</strong></span> <span class='ocrx_word' id='word_1_86' title='bbox 156 1606 287 1683; x_wconf 75' lang='lat' dir='ltr'>Letior</span> <span class='ocrx_word' id='word_1_87' title='bbox 304 1608 504 1686; x_wconf 89' lang='lat' dir='ltr'>benevole!</span> <span class='ocrx_word' id='word_1_88' title='bbox 527 1621 603 1685; x_wconf 84' lang='lat' dir='ltr'>tres</span> <span class='ocrx_word' id='word_1_89' title='bbox 618 1608 781 1684; x_wconf 79' lang='lat' dir='ltr'>exstitisse</span> <span class='ocrx_word' id='word_1_90' title='bbox 804 1608 912 1682; x_wconf 86' lang='lat' dir='ltr'>huius</span> <span class='ocrx_word' id='word_1_91' title='bbox 932 1601 1090 1681; x_wconf 85' lang='lat' dir='ltr'>nominis</span> <span class='ocrx_word' id='word_1_92' title='bbox 1103 1599 1177 1677; x_wconf 86' lang='lat' dir='ltr'>Vi·</span> 
     </span>
    </p>
   </div>
   <div class='ocr_carea' id='block_1_5' title="bbox 45 1699 1177 2908">
    <p class='ocr_par' dir='ltr' id='par_1_6' title="bbox 45 1699 1177 2908">
     <span class='ocr_line' id='line_1_16' title="bbox 154 1699 1177 1806; baseline -0.003 -24"><span class='ocrx_word' id='word_1_93' title='bbox 154 1727 239 1795; x_wconf 87' lang='lat' dir='ltr'>ros,</span> <span class='ocrx_word' id='word_1_94' title='bbox 277 1708 430 1786; x_wconf 84' lang='lat' dir='ltr'>medicae</span> <span class='ocrx_word' id='word_1_95' title='bbox 451 1710 539 1785; x_wconf 87' lang='lat' dir='ltr'>artis</span> <span class='ocrx_word' id='word_1_96' title='bbox 564 1709 787 1806; x_wconf 88' lang='lat' dir='ltr'>aliarumque</span> <span class='ocrx_word' id='word_1_97' title='bbox 813 1705 1041 1782; x_wconf 85' lang='lat' dir='ltr'>scientiarum</span> <span class='ocrx_word' id='word_1_98' title='bbox 1059 1699 1177 1779; x_wconf 81' lang='lat' dir='ltr'>laude</span> 
     </span>
     <span class='ocr_line' id='line_1_17' title="bbox 153 1801 1176 1926; baseline -0.007 -43"><span class='ocrx_word' id='word_1_99' title='bbox 153 1807 315 1884; x_wconf 85' lang='lat' dir='ltr'>maxima</span> <span class='ocrx_word' id='word_1_100' title='bbox 337 1808 516 1926; x_wconf 79' lang='lat' dir='ltr'>insignes3</span> <span class='ocrx_word' id='word_1_101' title='bbox 542 1831 636 1910; x_wconf 88' lang='lat' dir='ltr'>quos</span> <span class='ocrx_word' id='word_1_102' title='bbox 656 1809 806 1924; x_wconf 82' lang='lat' dir='ltr'>proinde</span> <span class='ocrx_word' id='word_1_103' title='bbox 828 1829 875 1883; x_wconf 92' lang='lat' dir='ltr'>ne</span> <span class='ocrx_word' id='word_1_104' title='bbox 899 1801 1080 1917; x_wconf 79' lang='lat' dir='ltr'>miscendo</span> <span class='ocrx_word' id='word_1_105' title='bbox 1112 1822 1176 1877; x_wconf 84' lang='lat' dir='ltr'>et·</span> 
     </span>
     <span class='ocr_line' id='line_1_18' title="bbox 116 1905 1172 2126; baseline -0.004 -43"><span class='ocrx_word' id='word_1_106' title='bbox 116 2044 121 2059; x_wconf 30' lang='lat' dir='ltr'><strong><em>s</em></strong></span> <span class='ocrx_word' id='word_1_107' title='bbox 152 1930 303 2085; x_wconf 71' lang='lat' dir='ltr'>nm</span> <span class='ocrx_word' id='word_1_108' title='bbox 316 1905 1172 2126; x_wconf 61' lang='lat' dir='ltr'>terreremur{rectem</span> 
     </span>
     <span class='ocr_line' id='line_1_19' title="bbox 151 2103 1173 2322; baseline -0.002 -40"><span class='ocrx_word' id='word_1_109' title='bbox 151 2109 448 2322; x_wconf 68' lang='lat' dir='ltr'>under</span> <span class='ocrx_word' id='word_1_110' title='bbox 461 2103 1173 2321; x_wconf 57' lang='lat' dir='ltr'>ramatensis?irritet:</span> 
     </span>
     <span class='ocr_line' id='line_1_20' title="bbox 152 2306 1175 2420; baseline -0.001 -40"><span class='ocrx_word' id='word_1_111' title='bbox 152 2317 237 2381; x_wconf 86' lang='lat' dir='ltr'>trorr</span> <span class='ocrx_word' id='word_1_112' title='bbox 259 2306 349 2405; x_wconf 80' lang='lat' dir='ltr'>stylo</span> <span class='ocrx_word' id='word_1_113' title='bbox 367 2308 550 2406; x_wconf 87' lang='lat' dir='ltr'>exposuit,</span> <span class='ocrx_word' id='word_1_114' title='bbox 574 2334 645 2406; x_wconf 86' lang='lat' dir='ltr'>ego</span> <span class='ocrx_word' id='word_1_115' title='bbox 659 2311 697 2386; x_wconf 91' lang='lat' dir='ltr'>in</span> <span class='ocrx_word' id='word_1_116' title='bbox 712 2307 966 2407; x_wconf 87' lang='lat' dir='ltr'>compendium</span> <span class='ocrx_word' id='word_1_117' title='bbox 979 2306 1175 2420; x_wconf 64' lang='lat' dir='ltr'>redtgarn,</span> 
     </span>
     <span class='ocr_line' id='line_1_21' title="bbox 152 2406 1172 2504; baseline 0 -24"><span class='ocrx_word' id='word_1_118' title='bbox 152 2418 314 2481; x_wconf 89' lang='lat' dir='ltr'>amatam</span> <span class='ocrx_word' id='word_1_119' title='bbox 335 2406 472 2483; x_wconf 74' lang='lat' dir='ltr'>restans</span> <span class='ocrx_word' id='word_1_120' title='bbox 493 2411 730 2486; x_wconf 80' lang='lat' dir='ltr'>brevitatemr</span> <span class='ocrx_word' id='word_1_121' title='bbox 756 2408 908 2493; x_wconf 88' lang='lat' dir='ltr'>deiude,</span> <span class='ocrx_word' id='word_1_122' title='bbox 935 2427 1020 2504; x_wconf 89' lang='lat' dir='ltr'>quae</span> <span class='ocrx_word' id='word_1_123' title='bbox 1040 2427 1082 2480; x_wconf 85' lang='lat' dir='ltr'>nr</span> <span class='ocrx_word' id='word_1_124' title='bbox 1095 2426 1172 2501; x_wconf 61' lang='lat' dir='ltr'>peu</span> 
     </span>
     <span class='ocr_line' id='line_1_22' title="bbox 45 2504 1171 2621; baseline 0.002 -40"><span class='ocrx_word' id='word_1_125' title='bbox 45 2594 49 2602; x_wconf 35' lang='grc'>,</span> <span class='ocrx_word' id='word_1_126' title='bbox 150 2529 210 2621; x_wconf 34' lang='lat' dir='ltr'>pu·</span> <span class='ocrx_word' id='word_1_127' title='bbox 231 2529 314 2582; x_wconf 92' lang='lat' dir='ltr'>mea</span> <span class='ocrx_word' id='word_1_128' title='bbox 340 2507 513 2585; x_wconf 85' lang='lat' dir='ltr'>litteraria</span> <span class='ocrx_word' id='word_1_129' title='bbox 537 2509 662 2596; x_wconf 89' lang='lat' dir='ltr'>servo,</span> <span class='ocrx_word' id='word_1_130' title='bbox 698 2507 848 2585; x_wconf 89' lang='lat' dir='ltr'>studiose</span> <span class='ocrx_word' id='word_1_131' title='bbox 878 2504 1075 2606; x_wconf 87' lang='lat' dir='ltr'>supplendo</span> <span class='ocrx_word' id='word_1_132' title='bbox 1099 2505 1171 2583; x_wconf 89' lang='lat' dir='ltr'>ad·</span> 
     </span>
     <span class='ocr_line' id='line_1_23' title="bbox 150 2627 1169 2806; baseline -0.007 -22"><span class='ocrx_word' id='word_1_133' title='bbox 150 2627 375 2806; x_wconf 45' lang='lat' dir='ltr'>”malleque</span> <span class='ocrx_word' id='word_1_134' title='bbox 402 2707 448 2784; x_wconf 94' lang='lat' dir='ltr'>ad</span> <span class='ocrx_word' id='word_1_135' title='bbox 478 2729 579 2793; x_wconf 91' lang='lat' dir='ltr'>rem,</span> <span class='ocrx_word' id='word_1_136' title='bbox 612 2668 720 2783; x_wconf 85' lang='lat' dir='ltr'>etad</span> <span class='ocrx_word' id='word_1_137' title='bbox 749 2705 987 2785; x_wconf 86' lang='lat' dir='ltr'><strong>OCCONEM</strong></span> <span class='ocrx_word' id='word_1_138' title='bbox 1017 2701 1169 2806; x_wconf 71' lang='lat' dir='ltr'>(Adon</span> 
     </span>
     <span class='ocr_line' id='line_1_24' title="bbox 147 2804 1168 2908; baseline -0.001 -24"><span class='ocrx_word' id='word_1_139' title='bbox 147 2804 281 2908; x_wconf 77' lang='lat' dir='ltr'>plum)</span> <span class='ocrx_word' id='word_1_140' title='bbox 298 2808 330 2886; x_wconf 89' lang='lat' dir='ltr'>I.</span> <span class='ocrx_word' id='word_1_141' title='bbox 366 2809 456 2895; x_wconf 86' lang='lat' dir='ltr'>Hic,</span> <span class='ocrx_word' id='word_1_142' title='bbox 482 2831 553 2907; x_wconf 89' lang='lat' dir='ltr'>qua</span> <span class='ocrx_word' id='word_1_143' title='bbox 569 2807 707 2905; x_wconf 88' lang='lat' dir='ltr'>origine</span> <span class='ocrx_word' id='word_1_144' title='bbox 722 2825 829 2884; x_wconf 86' lang='lat' dir='ltr'>natus</span> <span class='ocrx_word' id='word_1_145' title='bbox 844 2808 907 2894; x_wconf 86' lang='lat' dir='ltr'>fit,</span> <span class='ocrx_word' id='word_1_146' title='bbox 934 2805 1085 2906; x_wconf 85' lang='lat' dir='ltr'>exponit</span> <span class='ocrx_word' id='word_1_147' title='bbox 1096 2805 1168 2883; x_wconf 85' lang='lat' dir='ltr'>Al·</span> 
     </span>
    </p>
   </div>
   <div class='ocr_carea' id='block_1_6' title="bbox 28 2902 1228 3002">
    <p class='ocr_par' dir='ltr' id='par_1_7' title="bbox 28 2902 1228 3002">
     <span class='ocr_line' id='line_1_25' title="bbox 28 2902 1228 3002; baseline 0.003 -21"><span class='ocrx_word' id='word_1_148' title='bbox 28 2902 32 2908; x_wconf 75' lang='grc'>’</span> <span class='ocrx_word' id='word_1_149' title='bbox 151 2908 277 2983; x_wconf 82' lang='lat' dir='ltr'>bertus</span> <span class='ocrx_word' id='word_1_150' title='bbox 311 2907 490 2986; x_wconf 83' lang='lat' dir='ltr'>Kranzius</span> <span class='ocrx_word' id='word_1_151' title='bbox 519 2911 557 2985; x_wconf 93' lang='lat' dir='ltr'>in</span> <span class='ocrx_word' id='word_1_152' title='bbox 583 2905 664 2985; x_wconf 83' lang='lat' dir='ltr'>Rer.</span> <span class='ocrx_word' id='word_1_153' title='bbox 687 2907 819 2988; x_wconf 74' lang='lat' dir='ltr'>Soron.</span> <span class='ocrx_word' id='word_1_154' title='bbox 839 2906 885 2986; x_wconf 86' lang='lat' dir='ltr'>L.</span> <span class='ocrx_word' id='word_1_155' title='bbox 904 2906 956 2983; x_wconf 88' lang='lat' dir='ltr'>X.</span> <span class='ocrx_word' id='word_1_156' title='bbox 990 2905 1043 2983; x_wconf 87' lang='lat' dir='ltr'>Co</span> <span class='ocrx_word' id='word_1_157' title='bbox 1066 2959 1077 2987; x_wconf 84' lang='grc'><strong>.</strong></span> <span class='ocrx_word' id='word_1_158' title='bbox 1099 2930 1167 3002; x_wconf 84' lang='lat'>14.</span> <span class='ocrx_word' id='word_1_159' title='bbox 1225 2904 1228 2911; x_wconf 83' lang='grc'>’</span> 
     </span>
    </p>
   </div>
   <div class='ocr_carea' id='block_1_7' title="bbox 54 3006 1168 3801">
    <p class='ocr_par' dir='ltr' id='par_1_8' title="bbox 54 3006 1168 3801">
     <span class='ocr_line' id='line_1_26' title="bbox 54 3006 1167 3108; baseline 0.003 -27"><span class='ocrx_word' id='word_1_160' title='bbox 54 3013 57 3017; x_wconf 74' lang='grc'>’</span> <span class='ocrx_word' id='word_1_161' title='bbox 151 3030 200 3081; x_wconf 85' lang='lat' dir='ltr'>ex</span> <span class='ocrx_word' id='word_1_162' title='bbox 219 3029 292 3104; x_wconf 93' lang='lat' dir='ltr'>quo</span> <span class='ocrx_word' id='word_1_163' title='bbox 312 3009 501 3096; x_wconf 84' lang='lat' dir='ltr'>discimus,</span> <span class='ocrx_word' id='word_1_164' title='bbox 521 3009 603 3108; x_wconf 57' lang='lat' dir='ltr'>‘jam</span> <span class='ocrx_word' id='word_1_165' title='bbox 616 3006 741 3107; x_wconf 74' lang='lat' dir='ltr'>seculo</span> <span class='ocrx_word' id='word_1_166' title='bbox 763 3008 874 3089; x_wconf 88' lang='lat' dir='ltr'><em>XIV.</em></span> <span class='ocrx_word' id='word_1_167' title='bbox 906 3029 1027 3084; x_wconf 88' lang='lat' dir='ltr'>unum-</span> <span class='ocrx_word' id='word_1_168' title='bbox 1083 3006 1167 3105; x_wconf 85' lang='lat' dir='ltr'>ajo·</span> 
     </span>
     <span class='ocr_line' id='line_1_27' title="bbox 151 3107 1168 3210; baseline 0.001 -29"><span class='ocrx_word' id='word_1_169' title='bbox 151 3128 234 3182; x_wconf 79' lang='lat' dir='ltr'>rum</span> <span class='ocrx_word' id='word_1_170' title='bbox 268 3107 407 3208; x_wconf 81' lang='lat' dir='ltr'>Nostri,</span> <span class='ocrx_word' id='word_1_171' title='bbox 447 3134 495 3184; x_wconf 89' lang='lat' dir='ltr'>ex</span> <span class='ocrx_word' id='word_1_172' title='bbox 521 3109 652 3210; x_wconf 80' lang='lat' dir='ltr'>Frifia,</span> <span class='ocrx_word' id='word_1_173' title='bbox 687 3110 728 3187; x_wconf 91' lang='lat' dir='ltr'>in</span> <span class='ocrx_word' id='word_1_174' title='bbox 762 3109 946 3187; x_wconf 77' lang='lat' dir='ltr'>Germania</span> <span class='ocrx_word' id='word_1_175' title='bbox 974 3108 1168 3198; x_wconf 77' lang='lat' dir='ltr'>militasse,</span> 
     </span>
     <span class='ocr_line' id='line_1_28' title="bbox 150 3205 1168 3309; baseline -0.001 -22"><span class='ocrx_word' id='word_1_176' title='bbox 150 3206 369 3305; x_wconf 78' lang='lat' dir='ltr'>baltheoque</span> <span class='ocrx_word' id='word_1_177' title='bbox 390 3209 534 3285; x_wconf 90' lang='lat' dir='ltr'>militari</span> <span class='ocrx_word' id='word_1_178' title='bbox 557 3209 789 3309; x_wconf 72' lang='lat' dir='ltr'>praecindum</span> <span class='ocrx_word' id='word_1_179' title='bbox 815 3209 990 3305; x_wconf 83' lang='lat' dir='ltr'>dignitate</span> <span class='ocrx_word' id='word_1_180' title='bbox 1016 3205 1168 3305; x_wconf 68' lang='lat' dir='ltr'>Equitio</span> 
     </span>
     <span class='ocr_line' id='line_1_29' title="bbox 119 3307 1166 3407; baseline 0.001 -25"><span class='ocrx_word' id='word_1_181' title='bbox 119 3339 121 3343; x_wconf 47' lang='lat'><strong><em>⁴</em></strong></span> <span class='ocrx_word' id='word_1_182' title='bbox 150 3309 269 3384; x_wconf 81' lang='lat' dir='ltr'>durari</span> <span class='ocrx_word' id='word_1_183' title='bbox 284 3307 466 3398; x_wconf 69' lang='lat' dir='ltr'>refulsisse,</span> <span class='ocrx_word' id='word_1_184' title='bbox 492 3311 538 3385; x_wconf 92' lang='lat' dir='ltr'>ob</span> <span class='ocrx_word' id='word_1_185' title='bbox 560 3311 712 3386; x_wconf 87' lang='lat' dir='ltr'>eandem</span> <span class='ocrx_word' id='word_1_186' title='bbox 725 3333 748 3384; x_wconf 82' lang='lat' dir='ltr'><strong>a</strong></span> <span class='ocrx_word' id='word_1_187' title='bbox 762 3309 922 3394; x_wconf 85' lang='lat' dir='ltr'>civibus,</span> <span class='ocrx_word' id='word_1_188' title='bbox 948 3308 1045 3407; x_wconf 77' lang='lat' dir='ltr'>quest</span> <span class='ocrx_word' id='word_1_189' title='bbox 1061 3330 1166 3406; x_wconf 88' lang='lat' dir='ltr'>apa-</span> 
     </span>
     <span class='ocr_line' id='line_1_30' title="bbox 151 3407 1165 3507; baseline 0.003 -26"><span class='ocrx_word' id='word_1_190' title='bbox 151 3409 221 3482; x_wconf 90' lang='lat' dir='ltr'>tria</span> <span class='ocrx_word' id='word_1_191' title='bbox 245 3407 431 3497; x_wconf 90' lang='lat' dir='ltr'>libertate,</span> <span class='ocrx_word' id='word_1_192' title='bbox 465 3410 528 3486; x_wconf 70' lang='lat' dir='ltr'>‘cui</span> <span class='ocrx_word' id='word_1_193' title='bbox 552 3411 780 3507; x_wconf 84' lang='lat' dir='ltr'>peregrinam</span> <span class='ocrx_word' id='word_1_194' title='bbox 804 3407 969 3484; x_wconf 84' lang='lat' dir='ltr'>tentasset</span> <span class='ocrx_word' id='word_1_195' title='bbox 993 3410 1165 3484; x_wconf 87' lang='lat' dir='ltr'>nobilita·</span> 
     </span>
     <span class='ocr_line' id='line_1_31' title="bbox 152 3509 1164 3607; baseline 0.001 -22"><span class='ocrx_word' id='word_1_196' title='bbox 152 3522 230 3585; x_wconf 85' lang='lat' dir='ltr'>tem</span> <span class='ocrx_word' id='word_1_197' title='bbox 251 3509 431 3597; x_wconf 87' lang='lat' dir='ltr'>inducere,</span> <span class='ocrx_word' id='word_1_198' title='bbox 460 3514 618 3607; x_wconf 88' lang='lat' dir='ltr'>degener</span> <span class='ocrx_word' id='word_1_199' title='bbox 632 3509 747 3585; x_wconf 75' lang='lat' dir='ltr'>salitus</span> <span class='ocrx_word' id='word_1_200' title='bbox 762 3509 857 3597; x_wconf 84' lang='lat' dir='ltr'>esset,</span> <span class='ocrx_word' id='word_1_201' title='bbox 883 3522 1074 3598; x_wconf 78' lang='lat' dir='ltr'>necatum3</span> <span class='ocrx_word' id='word_1_202' title='bbox 1099 3509 1164 3586; x_wconf 85' lang='lat' dir='ltr'>sed</span> 
     </span>
     <span class='ocr_line' id='line_1_32' title="bbox 152 3607 1166 3787; baseline 0.006 -105"><span class='ocrx_word' id='word_1_203' title='bbox 152 3611 198 3711; x_wconf 81' lang='lat' dir='ltr'>ab</span> <span class='ocrx_word' id='word_1_204' title='bbox 220 3631 332 3683; x_wconf 87' lang='lat' dir='ltr'>uxore</span> <span class='ocrx_word' id='word_1_205' title='bbox 356 3610 442 3686; x_wconf 86' lang='lat' dir='ltr'>ausu</span> <span class='ocrx_word' id='word_1_206' title='bbox 468 3607 640 3708; x_wconf 89' lang='lat' dir='ltr'>generoso</span> <span class='ocrx_word' id='word_1_207' title='bbox 660 3609 828 3710; x_wconf 84' lang='lat' dir='ltr'>felicique</span> <span class='ocrx_word' id='word_1_208' title='bbox 851 3608 980 3687; x_wconf 87' lang='lat' dir='ltr'>ultum.</span> <span class='ocrx_word' id='word_1_209' title='bbox 1030 3608 1166 3787; x_wconf 69' lang='lat' dir='ltr'>lhlltrllri</span> 
     </span>
     <span class='ocr_line' id='line_1_33' title="bbox 466 3732 1113 3801; baseline 0.002 -28"><span class='ocrx_word' id='word_1_210' title='bbox 466 3768 469 3773; x_wconf 95' lang='lat'><em>.</em></span> <span class='ocrx_word' id='word_1_211' title='bbox 1062 3732 1113 3801; x_wconf 59' lang='lat' dir='ltr'>oq</span> 
     </span>
    </p>
   </div>
   <div class='ocr_carea' id='block_1_8' title="bbox 0 0 1246 4184">
    <p class='ocr_par' dir='ltr' id='par_1_9' title="bbox 0 0 1246 4184">
     <span class='ocr_line' id='line_1_34' title="bbox 0 0 1246 4184; baseline 0 7"><span class='ocrx_word' id='word_1_212' title='bbox 0 0 1246 4184; x_wconf 95' lang='lat' dir='ltr'> </span> 
     </span>
    </p>
   </div>
  </div>
 </body>
</html>
