2482 4184
157 166 196 264 ἐἶ
290 237 292 242 ·
431 166 668 256 nnucnsaus
688 133 712 274 V(
722 146 917 283 Jocabor)

162 337 346 447 Ministerir‘
367 343 530 422 asturus:
556 358 636 424 tum
661 343 812 424 aaran
827 344 957 425 Serota
971 341 1192 430 Larianus·

162 449 286 547 ficium
308 444 541 544 suscepturus.
642 497 653 512 ,
985 539 986 543 Ἴ

198 575 201 580 ·
232 545 295 624 Sic
308 547 419 623 stabili
434 548 471 623 in
487 545 567 621 sede
581 546 721 622 locatus
737 556 904 644 tempus,
932 548 1186 645 quodascho-

156 645 293 724 ,lasticis
316 647 497 723 laboribus
521 669 678 722 vacuum
699 646 872 729 dabatur,
899 650 1033 724 amatis
1054 650 1196 725 studiis:

67 742 82 766 ‘
163 760 261 824 riova
277 748 388 824 animi
404 748 637 822 contentione
652 746 822 821 sacravit:
848 747 1053 846 etoprrum
1066 792 1088 835 ,ἕ
1099 751 1197 847 qui·'

43 887 47 894 ⁷
164 850 233 926 bus
256 847 388 947 postea
407 845 519 945 praeio
541 846 697 940 uulgaris
722 847 760 921 in
784 845 988 943 Republica·
1021 849 1185 924 litterata

83 951 86 956 ’
163 947 328 1048 universa
354 947 550 1042 plurimum
577 946 763 1033 inclaruit,
792 948 1007 1024 nominatim
1023 949 1190 1048 lastaria

164 1047 237 1124 suae
252 1046 480 1149 phrsnfirphicoe
491 1045 727 1122 fundamenta
740 1047 906 1144 propiora
922 1046 1018 1145 jecit.
1043 1047 1118 1126 sea
1134 1049 1196 1123 de·

165 1151 224 1225 his
246 1147 356 1224 fufius
379 1148 523 1227 dicendi
549 1146 684 1222 occasio
697 1147 790 1222 infra
804 1161 975 1223 recurret.
998 1158 1054 1204 ·-'
1073 1149 1198 1224 Nunc?

94 1321 97 1324 ,
167 1250 214 1326 ad
237 1249 395 1347 reliquas
420 1247 518 1325 Vitae
547 1246 664 1347 Nostri
689 1247 971 1324 circumstantias
990 1261 1115 1346 pergo.

181 1356 199 1450 ᾗ
255 1347 365 1424 Anno
402 1347 698 1425 MDCCXXXV.
745 1344 931 1444 Kuusbruu
968 1349 1188 1428 meritorum

130 1458 134 1463 ’
167 1446 287 1549 Nostri
299 1474 367 1525 nec
380 1447 506 1534 inscia,
529 1472 598 1523 nec
622 1449 816 1523 immemor
840 1447 1055 1540 Diaconum,
1077 1445 1194 1525 Sauo·

109 1598 110 1602 =
167 1550 341 1638 sarciam,
368 1546 639 1650 Affefforemque
661 1546 851 1651 Constsorii
865 1547 1029 1628 instituit.
1077 1548 1190 1625 Scili-

168 1662 229 1727 cet
255 1652 360 1726 annis
387 1648 491 1747 juxta
513 1673 556 1723 ac
585 1648 726 1723 meritis
763 1645 1000 1723 crescentibus
1027 1645 1192 1744 dignitas

168 1758 314 1849 quoque
337 1743 520 1850 Nostrone
535 1748 633 1823 sama
650 1746 773 1823 crevit.
826 1747 921 1822 Haec
935 1747 1040 1835 fecit,
1064 1760 1105 1823 ut
1119 1772 1190 1822 an-

66 1866 68 1872 ‘
106 1932 112 1951 t
167 1860 218 1928 no
246 1848 558 1927 MDCCXXXXI.
588 1850 640 1933 D„
667 1845 787 1948 Christ.
821 1847 1197 1944 Matth.1>unun1us

170 1950 305 2027 Comes
324 1950 509 2030 Palatinus
537 1947 711 2024 caesareus
725 1958 763 2022 et
773 1946 986 2043 Theolog-iae
1001 1950 1038 2023 in
1057 1945 1193 2023 Tabia·

130 2110 132 2114 .
168 2057 259 2152 genfi
283 2048 482 2126 Academia
511 2048 661 2124 celebris
682 2046 857 2124 Professor
881 2047 1197 2146 DipiomuDosim

170 2165 268 2229 rarus
290 2148 481 2249 Theosogici
505 2153 719 2226 nuucunuo
735 2148 829 2224 ultro
843 2147 1101 2238 transmiserit,
1126 2171 1193 2224 ea·
1228 2177 1231 2182 ·

171 2272 242 2352 que
270 2251 434 2330 ratione,
461 2268 570 2348 quam
596 2249 789 2346 magnifice
810 2248 864 2324 de·
881 2249 1042 2325 dottrina
1069 2249 1193 2348 Nostri

170 2353 340 2442 sentiret;
369 2361 494 2447 aperte
522 2351 745 2426 monstrarit·
784 2352 868 2438 Quo
892 2350 1079 2426 tamenin
1105 2348 1193 2423 ioco

172 2473 322 2532 monere
349 2473 409 2527 me
435 2461 607 2548 oportet,
640 2449 706 2537 isto
737 2448 939 2525 voluntario
970 2450 1194 2533 honorisue

172 2548 347 2629 dostrinae
362 2546 494 2645 lnfign'i
507 2549 560 2623 uti
577 2604 587 2635 ‚
616 2547 778 2651 Nostrum
792 2544 987 2646 duplici'de
1001 2549 1116 2624 caussa
1132 2553 1195 2623 re·
1216 2603 1219 2607 -

167 2652 311 2745 nuisse3
333 2650 465 2749 primo,
492 2650 589 2746 quod
612 2647 700 2724 illud
726 2649 785 2723 vii
809 2648 974 2740 insoliti,
1000 2672 1069 2726 nec
1095 2673 1197 2747 praes

173 2752 275 2852 misso
293 2748 463 2826 consueto
476 2751 643 2823 examine
654 2748 878 2845 obtinuisset3
895 2748 1065 2847 secunda,
1091 2751 1198 2847 quod

175 2853 392 2931 aemulorum
403 2850 586 2936 invidiam,
610 2861 932 2946 contemptumque
945 2852 1195 2948 potiusquam

153 3023 156 3029 .
176 2950 453 3049 aestimationem
482 2950 566 3025 inde
586 2948 648 3025 fibi
673 2950 936 3025 conciliandam
950 2950 1031 3024 esse
1047 2971 1196 3024 verere*

174 3065 245 3130 tur.
295 3052 390 3127 Haec
414 3051 524 3136 fecit,
550 3062 592 3124 ut
615 3074 712 3124 anno
733 3048 1195 3144 MDCCXXXXss.nomi-

175 3177 223 3230 ne
237 3151 349 3248 Regis
363 3149 749 3250 PoruffinromHolum,
763 3151 935 3227 Saxoniae
950 3147 1087 3255 urbem²
1105 3173 1194 3224 evo-

175 3268 280 3327 catus
302 3251 366 3341 sit,
390 3252 598 3325 cathedram
625 3248 871 3348 theologicum,
895 3248 1067 3335 stellet,
1094 3250 1132 3324 in
1149 3274 1195 3328 ea

176 3350 415 3429 Universrtate
441 3348 719 3425 conscensurus:
759 3350 833 3424 Sed
861 3361 952 3424 aetas
984 3351 1031 3424 ad
1055 3349 1195 3428 senium

177 3472 344 3548 vergens,
375 3451 526 3549 aliaeque
544 3449 866 3545 magni-momenti
889 3453 1049 3524 rationes
1075 3452 1211 3547 impu·

177 3553 255 3630 iere
269 3552 454 3651 Nostrum,
478 3565 519 3626 ut
539 3550 641 3626 istam
666 3551 897 3649 vocationem
911 3551 1058 3649 provida
1083 3571 1195 3626 excu-

179 3651 314 3730 satione
336 3651 543 3729 declinaret.
575 3649 688 3735 ,Haec
701 3649 805 3742 fecit,
828 3661 870 3730 ut
884 3648 975 3729 Pstis.
990 3645 1083 3755 gine.
1100 3672 1196 3727 cno-

907 3787 927 3796 ”
1038 3771 1143 3835 Puto
