2482 4184
145 208 201 301 eu
217 169 230 261 s
334 187 336 191 ’
411 173 654 283 seniculus
679 195 698 296 (
710 192 939 301 pacoro->⁹¹

146 369 218 446 tria
237 350 329 456 urbe
341 347 360 452 ,2
389 333 521 454 deinde
530 365 655 452 soris,
692 364 731 441 in
753 350 994 441 Universrtate
1008 351 1135 467 'ffe‘neu
1172 386 1175 392 ·
1210 406 1211 412 κ

145 466 300 570 potastis
318 490 327 541 :
354 465 399 541 de
409 465 625 564 prirnoribus
640 465 811 541 dostriuae
829 464 1080 562 speciminibus
1093 467 1169 541 ibi«

147 569 235 644 dem
258 590 281 642 a
304 564 429 668 Nostro
445 565 583 640 editis?
606 563 797 661 deadepto
814 565 1007 666 Magisterii
1026 566 1164 662 gradu‘:

147 669 196 745 de
220 666 368 760 sollicita
389 663 591 763 iuuentutis
606 663 862 740 institutione:
902 666 1052 764 aliisque
1081 683 1164 742 me'-
1192 688 1194 699 ’

42 821 45 827 -
146 769 312 859 noram
344 765 391 842 de
440 765 546 842 uibus
570 788 655 840 cum
681 765 825 842 abunde
851 766 985 842 ditium
1010 765 1075 856 sit,
1115 779 1165 842 eu

88 907 90 911 ·
148 869 329 944 duntaxat
351 787 542 965 periequar
564 861 699 949 modo,
725 886 809 962 quac
823 864 905 953 ille,
932 867 994 941 ubi
1009 868 1063 940 vir
1075 889 1166 940 eva·

147 968 263 1058 serat,
278 966 327 1042 'iu
351 989 392 1042 re
416 964 588 1040 litteraria
606 964 780 1060 praestitit.
832 965 959 1064 ltaque
982 988 1166 1041 rancun*

66 1118 71 1127 x
147 1091 224 1146 aus
249 1071 294 1141 eb
324 1064 448 1153 aetatis
481 1063 694 1164 proveuus,
729 1078 768 1140 et
797 1065 917 1155 stabile
948 1077 1165 1165 certumque

147 1170 237 1245 vitae
262 1188 380 1262 genus
403 1163 571 1257 sortitus,
609 1165 850 1242 dostrinarum
870 1166 1051 1253 subsidiis,
1076 1188 1165 1265 quae

146 1268 214 1347 sibi
233 1267 387 1366 plurima
411 1267 644 1363 maximaque
670 1280 882 1363 paraverat,
916 1268 1082 1363 gnaviter
1105 1267 1165 1345 uti

147 1392 234 1446 cum
257 1368 378 1462 auimo
403 1365 465 1441 suo
492 1367 675 1441 decrevit:
699 1389 855 1462 cumque
879 1369 1000 1442 indole
1023 1366 1165 1464 optima

149 1481 190 1545 et
215 1467 262 1542 ad
289 1467 428 1542 litteras
453 1466 550 1564 quast
574 1465 667 1540 fasta
699 1469 877 1562 praeditus
910 1467 1015 1553 esset,
1052 1469 1092 1541 iu
1122 1466 1165 1542 id

35 1650 37 1654 ,
147 1568 307 1648 multum
332 1564 517 1654 incubuit,
544 1578 586 1640 ut
606 1566 742 1661 ingenii
768 1565 819 1641 sui
844 1566 966 1641 foetus
983 1565 1166 1665 opitulum
1231 1605 1233 1608 v

148 1682 189 1748 te
215 1667 328 1768 praelo
348 1669 387 1743 iu
415 1666 535 1742 lucem
550 1667 789 1763 produceret3
813 1666 942 1764 quibus
957 1692 1005 1742 ne
1023 1666 1166 1742 littera·

147 1783 227 1847 tam
240 1762 516 1866 Rempublicam
536 1789 687 1840 onerare
711 1768 854 1862 potius,
880 1765 1166 1864 quamlocuple·

147 1883 228 1948 tare
252 1868 454 1954 videretur,
476 1865 623 1942 sollicite
638 1868 756 1942 cavit:
779 1866 866 1943 dum
879 1866 1066 1943 librosase
1084 1867 1165 1942 eui·

147 1980 208 2050 tos
232 1969 351 2066 modis
375 1968 542 2047 omuibus
563 1966 780 2062 exasciavit'3
813 1979 873 2054 et,
899 1967 1008 2044 sicubi
1032 1965 1164 2041 editio-

148 2093 217 2150 nes
240 2070 485 2160 iterabautur,
507 2092 604 2144 novo
627 2067 740 2158 studio
763 2069 931 2166 curisque
947 2067 1052 2143 novis
1070 2066 1164 2164 poliae

33 2215 35 2218 >
148 2173 225 2263 vit3
248 2183 384 2265 atque,
409 2192 457 2243 ne
481 2167 624 2244 decoris
650 2169 792 2244 externi
818 2167 1001 2266 quidpiam
1024 2166 1165 2242 defide-

99 2296 102 2307 ·
145 2272 221 2350 rari
230 2267 363 2367 posset,
388 2267 511 2366 probae
525 2266 730 2342 Latinitatis
742 2267 898 2366 syrmate
915 2268 1064 2344 vestivit.
1090 2265 1165 2344 fn-

149 2373 271 2550 }tque
294 2389 354 2542 rIps
374 2368 438 2442 ista
464 2391 508 2441 eo
534 2365 711 2544 upajorem
736 2367 1035 2484 admirationern3
1061 2367 1164 2540 qupd

147 2465 1165 2666 mts'ntts'sst:&innuistis-2⁰:113:

148 2680 232 2771 que
249 2666 585 2743 conscribendorum
608 2666 780 2741 librorum
803 2667 1023 2765 adjumentis
1053 2666 1164 2741 desti«

146 2773 253 2860 tuti,
272 2769 357 2852 haec¹
379 2767 510 2855 omnia
527 2766 545 2866 (
561 2768 722 2842 maxima
743 2766 867 2844 saltem
889 2793 936 2844 ex
960 2774 1088 2868 parte)
1105 2768 1163 2842 esu

147 2872 285 2966 lecerit.
344 2865 398 2943 At
425 2868 478 2954 is,
514 2868 612 2965 quod
631 2866 903 2965 necessariorum
928 2868 1160 2946 subsidiorum

146 2973 295 3055 deerat,
316 2966 494 3068 epistolari
516 2969 734 3045 commercio
749 2967 982 3070 supplendum
1000 2969 1160 3065 pruden⁴
1214 2994 1218 3000 ·

31 3118 33 3122 -
146 3083 204 3148 ter
222 3068 411 3172 judicans,
437 3089 502 3166 per
527 3068 666 3144 litteras
693 3070 790 3145 viros
807 3069 929 3144 dosios
943 3069 1064 3144 ubiubi
1077 3089 1160 3142 ma-

146 3185 277 3250 nentes
303 3168 447 3255 adibat,
482 3188 609 3245 eorum·
622 3169 793 3256 consilia,
831 3170 992 3258 monita,
1022 3191 1130 3265 opem
1144 3223 1160 3256 ‚

147 3269 333 3354 observata
361 3267 572 3365 efflagitans.
634 3268 802 3346 Eundem
825 3269 864 3344 iu
884 3269 996 3345 finem
1019 3264 1160 3344 Biblio-

146 3371 274 3449 shecam
297 3392 372 3444 uou
397 3381 483 3444 tam*
500 3368 671 3446 librorum
693 3391 867 3458 numero,
890 3391 1000 3465 quam
1015 3365 1158 3443 delesiu

55 3514 59 3523 .
146 3469 372 3571 speuabilem*
393 3467 462 3543 suis
485 3467 604 3545 ufibus
621 3468 791 3544 iustruere
810 3471 941 3566 caepit,
969 3468 1160 3566 quampoe'
1206 3471 1209 3478 ’

146 3574 221 3649 ste'u
245 3571 284 3645 in
309 3569 462 3667 patriam
481 3566 643 3644 reuersus
664 3560 769 3643 nodis
789 3576 858 3664 nec
873 3568 1078 3666 spernendis
1093 3588 1158 3639 ac·

146 3668 357 3750 cessionibus
385 3670 513 3762 duarit
525 3690 539 3762 3
552 3669 744 3769 praecipue
767 3693 850 3748 cum
866 3671 901 3748 ei
917 3668 1063 3846 Erudilpp'
1071 3666 1158 3762 syue

206 3800 209 3809 ¹
243 3817 246 3821 ⁴
620 3801 626 3816 ¹
1000 3793 1020 3845 c
1064 3792 1105 3844 o·
