2482 4184
157 155 194 239 Q
305 203 308 209 ·
420 125 661 233 turoneum
690 152 712 257 (
722 126 919 262 jacobus)

117 368 132 421 ,¹
157 319 255 401 ribus
283 320 544 412 admonebatur,
572 349 634 424 pro
660 325 778 401 innato
802 321 1001 401 cruditionis
1015 320 1052 398 in
1063 322 1187 422 patria

157 420 232 499 mn
245 425 422 522 uniucrfim
434 423 692 524 promouendo,
714 437 787 500 tum
796 429 922 524 patria
934 423 1111 524 speciatim
1126 423 1184 507 bi·¹
1224 501 1226 505 Α

158 524 267 617 tiocia
286 521 489 625 illustranda
501 523 615 624 studio
635 550 703 600 rem
719 523 780 620 [no
795 525 928 625 ingenio
948 525 1109 624 diguam,
1133 523 1185 600 ci-

161 622 302 722 quefisli
309 648 428 723 parem
440 623 621 726 aggrrffus,
647 625 814 723 quidquid
824 622 1187 727 adAugustanamlsi·

153 725 296 829 florium
317 728 383 823 fine
401 722 540 822 sarram
558 728 632 825 stne
656 727 864 826 ciuilemstnc
881 727 1079 800 litterariam
1093 727 1185 820 resc-

160 823 301 901 rcndum
309 826 471 923 putauit,
498 824 686 899 incredibili
699 824 814 900 labore
835 827 1052 924 aggregavit:
1079 847 1189 921 coque

162 925 298 1002 ratione
324 949 367 999 eoo
387 921 485 999 libris
509 951 577 1000 nou
592 937 722 999 tontum
736 926 879 1023 rmdiqne
892 923 1104 1026 conquisttis,
1120 920 1190 1024 sed

36 1073 46 1099 x
161 1048 207 1100 eu
221 1023 456 1124 manuscriptis
472 1049 601 1121 quoquc
614 1023 807 1113 codicibus,
832 1023 1018 1112 chronicis,
1042 1024 1187 1120 aliisque

16 1172 19 1208 ;
158 1124 278 1225 prisca
291 1123 378 1224 fidei
403 1126 647 1218 monumentis,
685 1127 752 1201 imo
778 1152 822 1201 cx
842 1127 922 1226 infir
949 1123 1186 1224 cbortopbula·

120 1264 121 1267 ¹
161 1226 226 1298 ciis
251 1224 534 1326 locupletissimum
552 1227 749 1324 patriarum
769 1251 881 1301 rernm
906 1224 1094 1323 tbesanrnm
1114 1225 1188 1299 col·

43 1353 44 1357 ¹
165 1324 260 1422 legit.
317 1322 476 1422 Obstiterc
498 1338 609 1421 tamen
623 1331 778 1424 majora,
802 1321 925 1423 qulbus
945 1329 981 1401 in
994 1326 1117 1423 patria
1126 1324 1189 1421 fir·

163 1426 266 1500 lrtlem
279 1449 319 1498 ac
339 1427 600 1501 incolumitatem
615 1423 860 1512 adhibebatur,
882 1427 1037 1525 negotia,
1066 1436 1099 1499 et
1115 1425 1191 1499 col-

21 1536 28 1541 ’
164 1527 239 1601 lato
257 1521 521 1700 splendidgfimo
542 1551 707 1610 meruerat
733 1530 798 1623 q'no
826 1524 934 1601 miuus
961 1523 1027 1624 ipsc
1051 1526 1189 1627 voslifflr

165 1643 256 1700 mam
284 1628 379 1724 illam
438 1624 685 1703 ollcbianeorum
706 1628 823 1701 molem
836 1628 871 1701 in
884 1625 1030 1702 ordinem
1055 1625 1189 1723 redigre·

61 1767 64 1773 ·
164 1738 240 1810 ret,
268 1738 301 1799 et
325 1728 575 1801 inconcinnum
597 1726 769 1801 deduceret
787 1725 896 1826 Opus,
945 1724 1047 1824 Ergo
1067 1728 1190 1802 cuboc

166 1822 297 1900 ciuibus
321 1825 597 1903 aderaditiouem
611 1825 864 1912 annitentibus,
885 1828 1070 1928 patriaque
1088 1825 1192 1925 tisto·
1223 1833 1225 1840 “

146 1928 228 2004 'ria
251 1926 455 2004 elucidanda
465 1952 528 2026 pro
541 1928 635 2003 uirili
637 1926 878 2026 satagentibus
890 1925 1074 2003 liberaliter
1086 1951 1191 2024 prora

157 2027 224 2128 sus
237 2052 278 2101 oc
290 2026 695 2130 bumanifflmcsuppetias
708 2030 790 2103 tulit
807 2026 880 2109 &a
899 2023 970 2106 &a
995 2025 1071 2105 Sed
1084 2027 1192 2105 filum

167 2129 386 2203 narrationis
407 2128 587 2204 resumere
603 2129 745 2229 placet
927 2170 929 2174 Α

224 2226 316 2315 ,Per
346 2229 480 2304 eadem
501 2241 670 2328 tempora
694 2229 817 2309 Nolim
838 2228 1029 2306 materiam
1042 2251 1190 2327 quoque

170 2316 420 2405 coustruendae
443 2327 602 2426 Historia
631 2329 806 2431 Gymnofii
821 2327 894 2406 San
910 2328 1109 2406 ·Aunuaui
1132 2329 1191 2405 in·

45 2443 47 2449 ’
168 2427 406 2515 servituram,
433 2429 548 2529 multo
574 2428 695 2505 labore
717 2429 911 2524 congeffit:
937 2451 1048 2526 quam
1069 2429 1191 2526 postea

39 2570 41 2576 ·
169 2539 396 2606 memoratus
422 2549 631 2603 ‘eruemus
660 2528 743 2605 ase
773 2528 993 2604 elaboratam
1017 2528 1192 2606 litteratae

132 2701 134 2708 .
170 2628 395 2724 Reipublicae
420 2627 531 2707 dedit.
590 2628 665 2726 lpse
693 2629 798 2708 suum
818 2626 859 2702 de
882 2626 973 2702 Ideis
994 2629 1193 2705 meletema

119 2761 122 2769 ·
172 2727 318 2804 nultius.
330 2727 547 2825 politiusque
565 2752 663 2804 anno
696 2752 801 2826 1723.
819 2724 886 2828 g):
911 2740 949 2802 et
967 2752 1064 2803 anno
1083 2753 1192 2824 1724.

173 2828 301 2906 Vitam
325 2828 418 2905 Elia
444 2850 656 2905 umuouut
675 2830 884 2928 b),integro
910 2827 1011 2928 justae
1026 2830 1132 2904 molis
1148 2832 1193 2905 li-

173 2929 268 3006 bello
291 2928 590 3027 comprehensam
605 2932 644 3006 in
659 2930 778 3006 lucem
792 2929 932 3016 emisit,
957 2941 1124 3004 ornatam
1138 2930 1194 3004 ef-

53 3076 57 3085 ,
172 3029 257 3123 figie
270 3029 349 3106 Viri
362 3028 489 3128 hujus,
513 3054 623 3128 quam
635 3029 727 3134 tJoc.
736 3030 851 3116 Andr.
866 3050 1067 3104 rurusucu
1081 3032 1194 3104 Chal·

175 3130 346 3227 'eugraphi
358 3128 488 3205 artifex
509 3131 620 3228 stylus
636 3131 817 3208 belliffime
832 3127 1056 3225 exprelierat.
1093 3129 1194 3204 Prae·

174 3242 276 3304 terea
303 3252 367 3328 per
391 3230 479 3305 illud
506 3233 681 3331 temporis
706 3228 936 3307 intervallum
963 3228 1113 3326 privatis
1136 3231 1195 3304 in·

175 3329 416 3408 stitutionibus
439 3330 486 3407 ad
500 3335 719 3430 optimarum
733 3330 1123 3426 attiumcognitionem
1136 3328 1195 3425 ju·

1007 3453 1143 3506 venum

258 3599 299 3678 g)
321 3597 363 3666 V.
390 3595 728 3677 MiscellaneaNolrsi,
743 3614 824 3681 pag.
847 3616 921 3662 uo.
1065 3598 1068 3607 “

177 3679 367 3831 ,fferam
392 3682 456 3750 hoo
476 3683 600 3775 erudito
623 3681 730 3766 Viro,
749 3681 820 3767 post
841 3699 1076 3785 uuucuunuru,
1096 3700 1197 3824 pauca
