2482 4184
82 215 88 230 .
219 267 221 272 Ι
362 181 599 252 pateream
624 163 849 277 (Jacobur)
1048 193 1116 260 ‘51

107 337 215 418 editis
239 335 362 436 postea
375 338 422 414 ad
447 338 511 438 Jus
535 337 740 416 Germania
759 338 944 438 publicum
963 342 1117 438 atticen,-

101 441 204 520 -dbus
230 438 382 536 Scriptis
407 441 585 518 celebrem
615 452 833 521 numeraret.

210 536 400 634 Tubingam
413 539 579 618 revettus
592 554 725 637 praeter
737 538 1024 638 expediationem
1035 567 1116 620 mu.
1132 579 1142 640 J

107 639 189 718 deri
212 620 628 715 ecclefiastictadmotus
641 639 714 719 est:
740 662 829 715 mox
852 639 963 716 etiam
984 645 1028 715 ab
1043 642 1118 718 Ba·

108 763 200 817 tone
231 736 364 819 David.
396 737 597 815 Enenctetio
626 736 904 837 Ashtrtobcrgam
937 737 1117 837 (ditem-

106 841 225 936 herg)
250 839 291 914 in
322 836 485 914 inferiori
520 837 662 913 Austria
693 840 739 914 ad
767 839 872 914 aulici
895 841 1113 924 Eccrefiastis

108 959 247 1021 munus
277 936 485 1014 obeundum
517 951 669 1013 vocatus
704 938 775 1023 est,
813 938 921 1036 idque
946 939 992 1016 ab
1019 964 1117 1017 anno

111 1059 230 1132 1597ae
247 1060 312 1137 per
335 1036 545 1113 sexennium
566 1038 688 1114 obivit.
740 1037 940 1115 Enmcialio
965 1054 1118 1139 patrono
1202 1065 1207 1079 ·

110 1137 195 1214 satis
221 1150 324 1235 rapto
352 1136 634 1234 Kefermarcttum
661 1140 699 1213 in
725 1139 881 1215 Austria
895 1140 1071 1238 superiore
1096 1164 1119 1218 a

103 1235 180 1342 30.
209 1234 316 1312 th.
335 1238 480 1315 Barone
496 1237 535 1312 dc
548 1235 709 1336 Zelcking
723 1239 913 1316 accersitus
927 1243 1023 1316 idem
1038 1265 1119 1317 mu·

109 1360 181 1416 nus
206 1336 389 1429 sustinuit,
414 1339 639 1436 usquedum
662 1338 1119 1429 LutheranisAustriaere-

109 1439 261 1532 gionem
293 1459 447 1534 purgare
483 1436 580 1535 juffis
607 1455 645 1513 et
674 1437 745 1536 ipse
770 1463 867 1514 anno
899 1451 1003 1534 1605.
1028 1441 1118 1517 alias

110 1537 212 1613 sedes
238 1549 361 1633 petere
386 1560 471 1613 cum
495 1536 629 1613 familia
646 1535 707 1611 sua
725 1538 869 1614 coaetus
883 1539 945 1615 eft
978 1540 1118 1638 vltaque
1231 1606 1234 1613 .

109 1637 303 1736 Augustam
319 1637 532 1732 confugiens
555 1653 635 1712 tum
651 1638 807 1735 privatis
829 1637 864 1714 se
886 1636 998 1715 Mufis
1021 1639 1120 1717 dica·

110 1738 189 1823 tit,
228 1750 309 1813 tum
340 1734 484 1839 Jcanni
518 1734 655 1813 Adamo
675 1737 712 1814 dt
739 1735 883 1839 potant
910 1736 1054 1815 Alberto
1079 1739 1120 1816 de
1170 1747 1176 1754 '

111 1834 296 1937 Wosfsscin
316 1837 518 1914 Batonibus
541 1837 579 1912 in
601 1833 777 1935 Sutzburg
792 1851 830 1914 et
843 1836 1018 1931 fflrbaam
1042 1838 1121 1914 offa

109 1939 170 2015 cia
193 1935 256 2012 sua
272 1935 401 2013 obtulit
413 1959 424 2030 ;
449 1938 534 2034 qui,
559 1934 657 2034 quod
680 1937 820 2015 nullum
845 1961 980 2013 munus
1004 1938 1122 2015 eccle·

110 2036 290 2115 fiasticum
311 2052 481 2127 vacaret,
514 2051 595 2112 tum
622 2037 777 2133 quidem
794 2060 881 2113 eum
905 2037 1124 2115 benevolen·
1226 2066 1232 2083 ¹

111 2137 253 2216 cissimis
275 2136 446 2235 promissis
470 2135 640 2211 consolati
667 2133 757 2212 sunt.
816 2138 911 2236 Haec
936 2138 1032 2215 inter
1058 2161 1123 2238 op·
1198 2210 1200 2214 .

111 2231 272 2338 portune'
291 2237 442 2324 accidit,
468 2248 510 2311 ut
531 2232 798 2334 Rottenbargum
814 2239 860 2313 ad
874 2238 1044 2317 Tubarim
1058 2262 1124 2320 an.-

113 2363 165 2414 no
189 2336 359 2434 praeditio
383 2349 617 2425 evocaretur,
643 2334 793 2414 Retioris
812 2337 956 2415 Scholae
968 2338 1125 2438 spartam

112 2438 286 2520 tuituturt.
336 2437 445 2512 Hanc
466 2460 582 2512 annos
606 2460 661 2515 12.
678 2437 729 2512 ita
752 2439 884 2523 tuitus,
908 2454 950 2513 ut
970 2439 1125 2518 multam

113 2561 139 2614 a
154 2537 224 2612 suis
246 2535 392 2612 laudem
420 2538 504 2614 inde
531 2537 716 2612 retulerit:
743 2549 916 2635 tantoque
931 2562 1053 2613 amore
1066 2537 1125 2636 ju·

114 2649 309 2714 ventutem
331 2637 392 2715 fibi
417 2637 591 2712 creditam
612 2636 823 2734 complexus
850 2637 924 2724 est,
949 2653 992 2714 ut
1003 2661 1123 2735 neque
1173 2666 1184 2734 ζ

98 2734 372 2834 ..salzburgum
409 2739 482 2833 qut
507 2759 592 2812 eum
615 2737 810 2812 moxditti
834 2739 975 2833 patroni
998 2738 1122 2813 datam

116 2838 230 2914 fidem
250 2835 547 2936 liberaturixanno
576 2845 682 2911 1611.
699 2835 745 2913 ad
769 2835 921 2911 Pastoris
940 2848 978 2910 et
990 2836 1124 2933 Super.-

115 2934 343 3014 intendentis
365 2957 498 3010 munus
519 2948 756 3021 vocaverant,
778 2958 897 3033 neque
917 2935 1052 3015 Wmdm
1067 2937 1124 3014 in·

117 3037 256 3116 vitatus
280 3036 398 3114 iverit
1124 3033 1127 3041 ’

149 3215 152 3221 ,
215 3133 378 3233 Suscepit
396 3133 544 3209 tandem
560 3130 723 3234 Augusta
744 3132 928 3222 Restatis,
954 3135 1143 3212 Professo-¹

118 3234 195 3325 ris,
219 3248 259 3309 et
275 3234 547 3316 -Bibiiothecarii
575 3235 821 3330 provinciam,
847 3259 957 3332 quam
974 3259 996 3308 a
1012 3235 1127 3311 Sena·

120 3348 166 3419 tu
183 3333 247 3411 fibi
264 3334 520 3436 demandatam
548 3345 644 3408 anno
675 3335 862 3435 ¹617·,die
888 3343 947 3414 26.
970 3333 1057 3432 Maii
1071 3333 1126 3410 so·

121 3434 224 3512 lenni
246 3435 408 3517 oratione
433 3435 552 3510 habita
578 3432 778 3531 auspicatus
796 3435 856 3510 est.
878 3454 881 3465 ·
906 3431 1003 3518 Hic,
1028 3457 1127 3510 cam·

121 3557 214 3635 pum
243 3533 457 3611 litterarium
483 3533 608 3611 nasius
636 3532 907 3632 ampliffimum,
945 3533 1126 3613 industriae
1219 3576 1222 3581 v

121 3631 199 3745 stpae
222 3630 415 3736 specimina
440 3633 562 3723 varia,
587 3645 667 3810 gun
696 3633 857 3722 confetio
877 3629 1018 3735 publica
1033 3631 1129 3719 illiue
1158 3723 1160 3727 y
1197 3695 1204 3711 .

175 3788 198 3811 ·.
554 3804 565 3824 ,
644 3755 669 3810 2
890 3768 892 3773 ’
1033 3757 1079 3816 80
