2482 4184
182 192 210 269 a'
458 200 696 261 aunon-enus
718 157 936 294 ⁴(ffcrcoinn)
1071 220 1076 241 ε
1196 180 1200 186 “

261 346 416 452 Quartus
439 322 570 429 litteris
594 349 781 426 mandavit
800 328 892 428 Am
905 349 1013 428 tertia
1036 345 1203 432 mmm

184 448 288 526 tionis
297 449 532 548 Reliquiaram
551 445 590 527 S.
605 447 782 548 mmmm,
807 473 891 548 quae
905 474 1003 528 anno
1017 476 1126 550 1492.
1137 456 1200 532 die

53 681 57 689 ’
181 549 390 749 &renus
403 547 564 681 Aprilis,
589 563 678 689 tunc
692 549 1087 711 feriatertiaPalchae,
1108 580 1200 635 con·

410 772 711 854 nauclerus
737 716 966 880 (ancorae)
1039 716 1043 723 ⁵

255 959 486 1057 Quamquam
507 943 671 1061 Jacnbas
695 982 955 1046 BRUCKERUS,
981 959 1071 1037 dum
1083 960 1192 1051 vixit,

178 1082 312 1156 magna
337 1059 497 1136 nominis
520 1059 727 1137 celebritate
752 1082 816 1159 per
836 1061 1070 1136 Germaniam
1090 1075 1196 1138 exte·

178 1182 310 1261 rasque
336 1181 444 1245 oras,
479 1160 588 1258 idque
608 1161 858 1258 promeritis,
896 1160 1081 1255 floruerit3
1114 1164 1194 1259 post

177 1275 336 1335 mortem
361 1271 487 1335 tamen
511 1260 587 1335 fato
613 1260 701 1336 usus'
720 1260 769 1336 est
796 1273 872 1335 tam
889 1259 1047 1348 mistro,
1074 1273 1115 1336 ut
1128 1264 1193 1337 vix

176 1383 273 1436 unus
296 1361 434 1436 alterue
456 1359 565 1452 effet,
590 1361 652 1458 qui
673 1360 748 1439 Viri
775 1359 957 1435 dottiffimi
975 1362 1194 1439 memoriam

64 1510 67 1518 s
168 1459 312 1557 scriptb·
329 1461 370 1536 in
398 1461 529 1556 vulgus
551 1461 648 1538 editb
667 1460 839 1554 oblivioni
855 1461 1030 1558 eriperet.
1079 1463 1192 1549 Quod

93 1636 94 1641 ,
173 1559 240 1639 nist
260 1560 402 1636 carmus
424 1559 616 1637 fridericus
642 1580 908 1652 annexarum,
930 1559 1031 1641 filiali
1052 1561 1192 1660 pietate

162 1660 311 1751 «famam
326 1674 515 1759 paternam
541 1661 810 1747 vindicaturus,
834 1663 984 1738 brevem
1000 1658 1194 1737 commen·

173 1759 392 1839 tariolumdc
412 1760 501 1837 Vita
514 1758 635 1862 Nostri
646 1761 885 1858 congellillet‚
913 1761 975 1840 vix
989 1761 1192 1859 quidquam

89 1924 97 1935 .
154 1862 281 1950 ellat,
304 1862 402 1960 quod
415 1860 467 1944 ‚de
489 1860 579 1936 Viro
600 1861 665 1937 isto
691 1861 922 1940 eruditiffimo
949 1883 1033 1936 vere
1062 1861 1194 1936 solide·

29 2009 32 2019 ·
171 1987 244 2061 que
270 1964 423 2061 proponi
445 1960 567 2061 pollet.
620 1957 744 2061 Hujus
764 1963 1045 2048 commentarioli,
1072 1960 1190 2036 afilio

169 2064 210 2142 in
237 2065 351 2162 patris
378 2064 506 2139 funere
529 2063 575 2138 de
588 2062 716 2162 scripto
738 2064 904 2152 recitati,
932 2073 972 2136 at
995 2062 1094 2167 typis
1110 2087 1191 2140 non

58 2174 62 2189 ‘
167 2163 309 2260 vulgati
333 2165 461 2258 (ame
481 2176 606 2242 tamen
631 2163 724 2264 visi)
745 2187 895 2264 compos
910 2162 1120 2239 cumfattus
1134 2161 1190 2236 el-

161 2263 222 2343 ³set
245 2267 301 2340 vir
321 2265 413 2340 alius
429 2263 554 2339 nortus
572 2270 610 2358 a)
629 2266 780 2343 minime
794 2264 1119 2348 committendum,
1142 2277 1189 2338 ut

167 2366 305 2442 diutius
329 2365 361 2440 is
385 2366 539 2440 lateret:
564 2363 625 2440 sed
643 2366 747 2461 plane
770 2367 951 2449 eundem,
975 2364 1106 2438 additis
1120 2364 1189 2439 ob·

160 2464 427 2545 remotionibus
444 2464 545 2550 luis,
571 2466 609 2557 in
621 2464 753 2540 Libro:
778 2461 1024 2562 Sclwbbiscires
1036 2461 1188 2543 Archiv.

155 2564 242 2642 ΙΙΙ.
260 2567 312 2643 St.
328 2591 408 2664 pag.
427 2579 512 2658 281.
537 2562 627 2661 juris
651 2565 784 2664 publici
812 2563 1019 2642 faciendum
1043 2559 1186 2658 judica·

160 2666 231 2745 mit.
282 2666 364 2742 Post
388 2666 456 2740 hos
482 2665 574 2740 duos
587 2663 627 2766 b)
646 2667 776 2741 tertius
801 2667 840 2741 in
865 2685 1014 2740 arenam
1036 2663 1185 2742 descen·

165 2765 215 2842 do
241 2790 333 2864 εςο,1
360 2767 447 2864 quid
465 2765 719 2842 effestumdari
733 2779 868 2863 queat,
895 2764 1182 2864 periclitaturus:

89 2882 93 2889 '
119 2874 121 2880 '
156 2865 284 2966 mque
310 2867 476 2965 Populati
502 2865 620 2942 nostro
649 2866 799 2941 honoris
825 2865 1058 2964 obsequium,
1073 2866 1182 2960 “quod

153 2967 198 3045 «is
210 2967 334 3048 multis
346 2971 529 3064 nostrorum
544 2965 787 3054 Bambotum,
813 2966 920 3045 Vitas
934 2966 1077 3069 illorum
1091 2988 1181 3042 con·

162 3064 349 3142 scribendo
376 3067 574 3166 impendit,
605 3069 720 3148 civico
738 3067 852 3145 veluti
876 3066 1023 3143 nomine
1047 3086 1180 3161 repen·

161 3164 277 3248 surus.
327 3166 405 3257 Tu,
431 3165 579 3243 Lettor!
603 3167 740 3245 faveto.
1007 3259 1051 3365 3

154 3318 159 3327 ,
1048 3289 1126 3337 aco-

241 3452 278 3531 a)
301 3449 354 3515 Est
375 3451 403 3514 is
430 3448 611 3515 perillustris
633 3447 674 3511 D.
695 3444 808 3511 Pauus
831 3443 1028 3509 dsnnrnnn
1047 3443 1176 3529 junior,

151 3533 345 3616 Septemvin
362 3533 583 3618 Augustanus,
598 3530 663 3614 jam
677 3531 837 3613 pluribus,
858 3529 1026 3615 instoriam
1044 3530 1177 3612 petriam

160 3616 404 3695 illustrantibus,
426 3619 511 3681 libris
534 3616 626 3680 editis
650 3616 800 3698 inclytus.
1056 3642 1062 3657 1

243 3701 278 3776 b)
301 3701 463 3773 Nonnulla
485 3719 612 3783 quoque
627 3700 670 3762 'de
689 3698 797 3789 Nqslro
814 3695 910 3760 habea
922 3694 955 3757 in
965 3693 1084 3765 Libro:
1106 3695 1176 3760 Mi·

161 3786 313 3869 mflm'um
335 3783 535 3869 euangelicam
548 3783 768 3869 Augustanum.
786 3799 813 3847 t.
830 3779 891 3866 fig.
911 3778 944 3842 in
955 3795 988 3862 4.
