2482 4184
263 197 266 205 .
328 203 570 313 succussus
591 187 813 296 (Jaroius)
1052 208 1106 304 '13²

89 393 92 397 ·
164 355 367 450 Posterior,
391 359 642 463 christophorus
669 358 863 449 Homeris,
887 361 1102 448 *themidem

86 459 228 543 tetians
267 462 562 566 Jurisprudentiae
586 476 767 560 praecepta
793 458 992 640 inffeumfi
1013 468 1101 546 Uni.

89 566 259 655 versitate
272 565 451 647 addidicitr
479 561 725 660 inErlrrrgrnfi
738 585 825 641 vero
872 565 1022 642 irentiati
1034 571 1101 644 ho-

86 689 183 745 rrore
201 661 388 762 insignitus
406 662 558 739 domum
574 663 617 737 tit
635 661 762 749 rediit,
784 662 884 741 brevi
898 665 973 763 post
985 663 1101 747 secre-
1142 697 1146 710 ·

87 769 196 845 tioris
213 767 372 850 Senatus
385 763 574 839 acatholici
585 761 808 859 Amonucnfis
821 763 1028 862 fatiusest3
1053 771 1101 847 de

89 891 169 967 quo
195 867 338 962 gradu,
362 863 488 962 elapsis
510 861 646 960 aliquot
674 864 804 952 annis,
823 864 870 939 ad
893 864 1005 962 ipsam
1025 869 1103 948 Ar.

41 1017 48 1024 -
87 965 358 1065 ciigrommotcr'
371 964 586 1059 dignitatem
599 961 765 1042 ascendit.
807 963 984 1044 Vivorum
999 993 1103 1045 enu-

87 1090 197 1146 mero
225 1090 322 1142 anno
352 1078 461 1160 1790.
489 1074 636 1161 ereptus
651 1063 711 1141 est
737 1104 789 1122 ·-
812 1065 885 1144 Sed
903 1068 926 1142 d
942 1066 1039 1147 Filiis
1053 1068 1102 1147 ad

85 1168 239 1248 Patrem
253 1163 381 1245 redeat
397 1163 524 1250 oratio.
549 1202 601 1220 -
745 1250 747 1254 p
893 1199 895 1202 ⁴

169 1269 253 1344 Fuit
272 1271 305 1342 is
325 1266 430 1352 talis,
455 1279 497 1342 ut
520 1264 645 1341 multis
657 1265 864 1344 nominibus
875 1266 1012 1346 laudari
1023 1292 1102 1344 me·

87 1381 229 1448 reatum·
252 1367 337 1443 Fuit
347 1366 500 1464 maritus
512 1366 643 1453 facilis,
670 1364 868 1464 jucundus,
891 1367 1103 1466 obsequens.

85 1469 177 1552 Fuit
203 1479 305 1565 pater
325 1468 466 1553 bonus,
489 1464 632 1542 suorum
651 1488 806 1553 amans,
830 1468 1027 1545 numerosae
1047 1469 1102 1545 so-

88 1568 165 1648 boli
191 1567 388 1644 educandae
408 1579 446 1640 et
474 1566 595 1664 probis
620 1565 708 1642 vitae
735 1567 926 1666 praeceptis
941 1567 1102 1648 forman-
1156 1625 1159 1631 ,

86 1669 157 1760 dae¹
173 1668 344 1744 intentus.
394 1665 478 1742 Fuit
503 1665 594 1742 civis
619 1688 706 1762 erga
728 1684 857 1743 omnes
879 1669 1019 1755 comis,
1045 1669 1101 1747 of·

85 1766 244 1850 ficiosus.
295 1767 378 1843 Fuit
400 1767 438 1841 in
463 1763 639 1843 obeundis
661 1768 822 1864 partibus
846 1767 917 1844 suis
930 1768 1101 1864 diligens,

86 1865 294 1946 indefeffus.
343 1865 448 1953 Fuit,
470 1867 510 1941 in
533 1888 667 1963 magna
691 1868 847 1943 nominis
871 1868 1098 1955 celebritate,

10 1974 14 2001 ⁸
79 1968 233 2045 alienus
248 1965 396 2056 dfastu,
421 1978 458 2043 et
484 1967 529 2043 ab
554 1967 655 2043 omni
679 1958 882 2063 arrogantia
905 1966 1101 2063 longiiiime

83 2079 265 2147 remotus
722 2105 727 2114 ·

87 2233 94 2243 .
163 2165 333 2264 Corporis
345 2163 552 2241 valetudine
570 2167 589 2261 (
598 2163 695 2264 quod
708 2166 747 2242 in
763 2165 887 2243 limine
909 2164 1003 2243 Vita
1019 2191 1100 2243 mo·

86 2265 190 2366 nui)
215 2265 298 2341 usus
322 2265 372 2341 est
396 2265 576 2349 debiliorir
601 2288 711 2364 quam
731 2280 856 2346 tamen
878 2266 991 2342 viridis
1006 2280 1100 2344 tem·

87 2367 274 2466 perantia,
302 2377 477 2463 quantum
489 2366 609 2454 licuit,
634 2389 678 2442 ac
695 2369 842 2465 provida
859 2367 966 2444 direti
979 2368 1101 2443 firma·

88 2466 157 2544 vit.
209 2466 258 2540 Et
281 2463 365 2542 licet
384 2466 430 2541 ab
452 2465 523 2565 ipsa
542 2465 758 2565 juventute,=
780 2468 939 2543 maxime
962 2491 1048 2563 vero
1061 2469 1101 2545 in

87 2565 290 2656 semerom,
310 2567 495 2642 communi
508 2566 668 2644 Emditis
678 2568 791 2655 maio,
814 2568 1102 2665 hypochondria·

89 2690 138 2742 co
163 2666 332 2743 videlicet
343 2689 357 2751 ,·
387 2678 542 2743 vexatus
568 2667 703 2760 fuerit3
738 2684 848 2764 atque
876 2668 1036 2764 corporis
1061 2680 1101 2742 et

88 2767 205 2842 anirni
226 2768 321 2845 vires
341 2790 414 2843 non
429 2764 630 2844 intermiffis
647 2766 768 2843 studiis
786 2767 981 2864 plurimum
998 2769 1101 2863 attriq

88 2868 210 2952 vetit,
233 2877 357 2942 tamen
385 2866 520 2942 diutius
540 2869 653 2944 vitam
668 2866 811 2942 trahere
835 2865 1021 2963 potuiiiet‚
1044 2867 1101 2943 ni·

10 3032 28 3072 s
89 2966 118 3044 fi
138 2980 296 3044 mortem
318 2965 352 3040 ei
376 2963 495 3040 fatalis
519 2965 620 3043 casus
638 2964 885 3052 accelerasset,
913 2970 1010 3065 qud,
1032 2967 1100 3045 lib·

87 3089 175 3142 rum
194 3067 375 3162 quendam
392 3088 438 3138 ex
460 3065 577 3143 aitiori
598 3065 825 3145 bibliothecae
844 3065 969 3141 scrinio
992 3091 1101 3166 cape·

90 3188 133 3244 re
157 3187 308 3263 parans,
330 3165 477 3242 fallente
493 3164 661 3262 vestigio,
687 3164 794 3242 datus
815 3167 1001 3242 interram
1018 3167 1097 3249 fuit.

88 3265 340 3363 Expendimus
361 3267 561 3365 praecipuas
590 3263 687 3342 Vitae
714 3288 922 3341 aurosam
946 3268 1100 3342 circum·

90 3367 249 3442 stantiae.
300 3368 378 3444 lam
404 3367 536 3444 Merita
564 3366 717 3449 eiusdem-
730 3364 1100 3465 litterariaexpenda·

85 3486 184 3548 mus.

164 3568 482 3662 Supervacaneum
501 3563 579 3640 fore
602 3566 760 3664 deputo,
782 3563 953 3641 hocloco
976 3585 1019 3638 ea
1039 3585 1099 3640 re·

90 3676 242 3762 petere,
267 3686 351 3764 quae
360 3665 525 3767 superius
546 3667 591 3758 de
613 3665 740 3745 studiis
763 3665 802 3743 in
814 3665 967 3767 pueritia
981 3677 1019 3737 et
1033 3687 1099 3767 pa«,

666 3766 715 3787 ·“
982 3761 1052 3841 tria
1114 3767 1117 3773 ’
1198 3826 1200 3831 .
